@book{sethaputra1949newmodel,
  title={The New Model English-Thai Dictionary},
  author={Sethaputra, So},
  year={1949},
  publisher={Krungdheb Bannakarn},
  address={Bangkok},
  pages={4000},
  volumes={2},
  note={Originally published in weekly installments 1937-1939; portable edition completed 1940; published posthumously after WWII},
  language={English and Thai},
  isbn={},
  keywords={English-Thai dictionary, Thailand, political prisoner, language education}
}