@book{knuth84,
  author = {Knuth, Donald E.},
  year = {1984},
  title = {The TeXbook},
  publisher = {Addison-Wesley}
}